2112 3402
808 686 947 748 Vita
992 685 1257 747 auctoris

310 841 446 883 Natus
479 855 568 882 sum
601 839 757 880 Paulus
788 838 1024 880 Guilelmus
1046 838 1245 878 Horstius
1269 836 1405 877 Gasse
1438 841 1556 889 patre
1579 836 1712 876 Paulo
1745 840 1878 876 matre

192 912 348 954 Thecla
371 926 392 953 e
414 915 535 964 gente
558 909 801 951 Bernhardt
824 908 1077 950 Dresdensis
1099 922 1135 948 a,
1160 907 1196 947 d.
1220 907 1293 947 HI
1315 906 1413 947 Kal.
1438 906 1545 947 Nox'.
1568 906 1667 946 anni
1699 905 1880 958 proximi

193 983 347 1024 saeculi
366 980 631 1023 LXXXVI.
674 979 793 1021 Fidei
813 979 1048 1031 adscriptus
1066 992 1157 1018 sum
1176 977 1451 1029 evangelicae.
1495 976 1624 1017 Pater
1642 976 1880 1016 carissimus

193 1057 462 1105 praematura
492 1055 625 1092 morte
664 1050 767 1090 mihi
805 1054 972 1102 ereptus
1011 1052 1084 1090 est.
1145 1048 1405 1088 Litterarum
1445 1046 1661 1088 elementis
1703 1060 1777 1099 per
1808 1045 1882 1086 ΠΙ

194 1137 324 1163 annos
357 1122 539 1163 imbutus
571 1135 673 1174 puer
704 1120 777 1160 [X
809 1134 1013 1160 annorum
1046 1118 1307 1172 gymnasium
1341 1118 1499 1170 regium
1530 1116 1771 1157 Dresdense
1804 1115 1882 1156 fre-

195 1198 395 1246 quentare
438 1192 554 1245 coepi
596 1190 706 1244 quod
748 1195 834 1231 tum
878 1190 1065 1230 Martino
1104 1188 1313 1229 Wohlmb
1357 1193 1517 1229 rectore
1560 1186 1747 1228 florebat.
1815 1185 1884 1226 Ibi

195 1263 382 1315 egregios
419 1263 639 1316 magistros
677 1266 824 1302 nactus
867 1275 976 1312 sum,
1019 1274 1040 1301 6
1073 1259 1224 1313 quibus
1257 1258 1461 1311 imprimis
1494 1257 1640 1310 Lange
1672 1261 1714 1298 et
1744 1255 1884 1297 Boch-

196 1348 322 1374 mann
355 1334 511 1387 optime
543 1333 594 1374 (16
626 1347 692 1373 1116
724 1332 863 1373 11161111
896 1335 1001 1372 sunt.
1064 1330 1177 1373 Vere
1207 1330 1306 1370 anni
1338 1331 1450 1373 1905
1482 1327 1738 1369 maturitatis
1770 1326 1885 1368 testi-

195 1404 381 1444 monium
413 1403 606 1457 adeptus⁷
638 1407 684 1443 ut
713 1402 953 1456 philologis,
986 1400 1253 1454 germanicis,
1292 1400 1501 1440 historicis
1534 1399 1681 1440 studiis
1714 1412 1884 1451 operam

197 1474 352 1526 darem,
385 1473 572 1527 Lipsiam
605 1473 791 1526 migravi.
856 1472 1102 1513 Docuerunt
1131 1486 1196 1511 me
1220 1470 1439 1511 docentve:
1473 1469 1524 1511 de
1554 1469 1727 1510 Bahder
1749 1468 1886 1508 Barth

196 1544 333 1586 Bethe
380 1544 528 1585 Brahn
576 1542 767 1596 Gregory
808 1543 859 1583 R.
893 1542 1055 1583 Heinze
1103 1541 1211 1581 Holz
1258 1541 1505 1593 Jungmann
1551 1540 1711 1581 Koster
1759 1538 1888 1579 Lam-

197 1615 344 1668 precht
384 1614 553 1668 Lipsius
594 1614 720 1654 Marx
763 1612 927 1654 Sievers
969 1611 1225 1654 Studniezka
1264 1611 1437 1653 Volkelt
1475 1610 1672 1651 WVilcken
1709 1608 1888 1650 Wundt.

197 1684 506 1726 Proseminario
538 1684 749 1738 philologo
778 1682 1023 1724 Immischio
1056 1687 1098 1724 et
1120 1682 1283 1723 Betheo
1317 1680 1631 1722 moderantibus
1664 1694 1738 1733 per
1770 1679 1888 1733 quin-

197 1771 276 1809 que
309 1756 527 1797 semestria
558 1754 737 1797 interfui.
790 1754 873 1795 Per
895 1768 1051 1794 annum
1074 1753 1310 1805 adscriptus
1333 1766 1447 1793 eram
1471 1751 1626 1792 sodalis
1653 1750 1888 1791 ordinarius

198 1826 420 1867 seminario
451 1825 661 1879 philologo
694 1825 890 1878 auspiciis
914 1824 1059 1877 Lipsfi,
1093 1823 1257 1874 Bethei,
1290 1822 1479 1863 Heinzei.
1532 1821 1583 1862 In
1618 1820 1888 1862 seminarium

198 1896 530 1951 philosophicum
555 1896 732 1949 benigne
755 1910 821 1936 me
844 1895 1002 1948 recepit
1018 1894 1077 1935 M.
1097 1894 1258 1935 Heinze
1274 1892 1317 1950 >1⁴7
1340 1893 1383 1933 in
1405 1892 1733 1945 [medagogicum
1755 1891 1891 1944 ,111113-

199 1981 337 2018 mann,
368 1967 412 2007 in
444 1966 687 2007 societatem
720 1965 1046 2020 mythologicam
1070 1964 1218 2016 Bethe,
1251 1964 1294 2004 in
1316 1963 1620 2017 proseminaria
1651 1961 1892 2015 germanica,

198 2037 357 2079 Koster
391 2042 433 2079 et
454 2036 629 2088 Sievers,
663 2036 705 2077 in
738 2035 1060 2077 exercitationes
1091 2034 1409 2088 papyrologicas
1431 2033 1595 2074 Mitteis
1619 2036 1660 2074 et
1681 2031 1890 2072 Wilcken.

318 2107 482 2162 Quibus
527 2107 686 2148 cunctis
731 2106 864 2147 doctis
907 2106 1005 2146 viris
1049 2119 1159 2146 nunc
1196 2105 1352 2158 gratias
1395 2118 1472 2157 ago
1506 2118 1631 2156 quam
1674 2102 1891 2143 maximas.

199 2179 415 2232 Imprimis
447 2192 544 2219 vero
567 2177 777 2218 Betheum
811 2177 880 2230 qui
913 2176 1145 2217 studiorum
1175 2190 1363 2217 meorum
1386 2175 1464 2215 fuit
1485 2174 1623 2215 fautor
1646 2173 1892 2215 benevolen-

200 2250 395 2301 tissimus,
428 2253 474 2289 ut
504 2248 614 2289 hunc
646 2248 834 2288 libellum
867 2247 1192 2297 conscriberem,
1225 2246 1327 2286 mihi
1362 2245 1502 2296 suasit,
1545 2244 1717 2285 consilio
1750 2243 1894 2296 benig-

199 2320 369 2361 nissime
402 2319 572 2371 adiuvit,
605 2323 724 2371 grato
757 2318 897 2358 animo
930 2317 1065 2358 colere
1098 2331 1181 2357 non
1214 2316 1412 2357 desinam.
